<record><leader>00000cas a22000007a 4500</leader><controlfield tag="001">21467880</controlfield><controlfield tag="008">900502d193u19uuarumr ne     f0    0eng d</controlfield><datafield ind1=" " ind2=" " tag="010"><subfield code="a">sn 90050156 </subfield></datafield><datafield ind1=" " ind2=" " tag="040"><subfield code="a">ANU</subfield><subfield code="b">eng</subfield><subfield code="c">ANU</subfield><subfield code="d">OCLCQ</subfield><subfield code="d">OCLCO</subfield></datafield><datafield ind1="1" ind2=" " tag="029"><subfield code="a">AU@</subfield><subfield code="b">000025902976</subfield></datafield><datafield ind1=" " ind2=" " tag="042"><subfield code="a">msc</subfield></datafield><datafield ind1="0" ind2="0" tag="245"><subfield code="a">Moore C.C.C. 745 breeze.</subfield></datafield><datafield ind1=" " ind2=" " tag="260"><subfield code="a">Moore, Ark. :</subfield><subfield code="b">C.C.C. Co. 745</subfield></datafield><datafield ind1=" " ind2=" " tag="300"><subfield code="a">v.</subfield></datafield><datafield ind1=" " ind2=" " tag="310"><subfield code="a">Monthly</subfield></datafield><datafield ind1=" " ind2=" " tag="588"><subfield code="a">Description based on: Jan.? 1937; title from publisher's statement.</subfield></datafield><datafield ind1=" " ind2="4" tag="651"><subfield code="a">Moore (Ark.)</subfield><subfield code="v">Newspapers.</subfield></datafield><datafield ind1="2" ind2=" " tag="710"><subfield code="a">Civilian Conservation Corps (U.S.).</subfield><subfield code="b">Company 745 (Camp F-24, Ark.)</subfield></datafield><datafield ind1=" " ind2=" " tag="752"><subfield code="a">United States</subfield><subfield code="b">Arkansas</subfield><subfield code="c">Newton</subfield><subfield code="d">Moore.</subfield></datafield></record>